@inproceedings{ramakrishna2014pose,
                title={Pose machines: Articulated pose estimation via inference machines},
                author={Ramakrishna, Varun and Munoz, Daniel and Hebert, Martial and Bagnell, James Andrew and Sheikh, Yaser},
                booktitle={European Conference on Computer Vision},
                pages={33--47},
                year={2014},
                organization={Springer}
        }

@inproceedings{cao2017realtime,
  author = {Zhe Cao and Tomas Simon and Shih-En Wei and Yaser Sheikh},
  booktitle = {CVPR},
  title = {Realtime Multi-Person 2D Pose Estimation using Part Affinity Fields},
  year = {2017}
  }
  
@inproceedings{wei2016cpm,
  author = {Shih-En Wei and Varun Ramakrishna and Takeo Kanade and Yaser Sheikh},
  booktitle = {CVPR},
  title = {Convolutional pose machines},
  year = {2016}
  }

@mastersthesis{Wei-2016-5508,
author = {Shih-En Wei},
title = {Convolutional Pose Machines: A Deep Architecture for Estimating Articulated Poses},
year = {2016},
month = {May},
school = {Carnegie Mellon University},
address = {Pittsburgh, PA},
number = {CMU-RI-TR-16-22},
}